1926 3254
261 258 343 314 pho
389 258 547 299 tradidi
583 257 707 312 quale
744 270 909 296 mecum
947 261 1046 295 ante
1077 255 1153 295 hos
1194 260 1355 310 septem
1390 268 1524 294 annos
1556 254 1597 293 in
1629 253 1735 293 Ger-

261 332 445 371 maniam
472 336 822 386 apportaveram,
847 326 960 382 quod
986 326 1169 367 fideliter
1201 334 1242 367 et
1271 334 1374 367 tunc
1404 341 1429 366 a
1457 340 1523 366 me
1554 331 1596 366 et
1622 340 1733 365 nunc

261 404 315 444 ab
353 402 425 443 illo
456 403 718 456 descriptum
750 414 845 440 esse
876 398 956 440 hoc
985 413 1152 450 mense,
1186 398 1331 439 codice
1362 400 1456 454 ipso
1480 398 1619 439 denuo
1652 397 1734 437 col—

208 518 213 521 ,
260 477 366 516 lato.
401 473 609 514 intellexi.
671 472 831 513 diutius
862 472 975 511 enim
1002 476 1169 511 tantum
1203 470 1377 525 linguae
1417 471 1612 526 syriacae
1645 470 1735 509 the-

262 562 452 596 saurum,
486 560 615 601 quum
636 550 724 585 tres
747 547 863 585 viros
890 543 942 584 de
972 543 1268 584 concinnando
1299 543 1438 584 lexico
1470 543 1638 598 syriaco
1668 556 1734 582 co-

259 621 397 674 gitare
416 620 590 670 scirem,
614 617 801 657 retinere
819 631 904 657 non
921 616 1085 656 licitum
1103 615 1353 667 videbatur,
1380 617 1576 671 quamvis
1597 629 1734 656 meam

259 692 428 733 laudem
458 705 542 731 non
575 703 776 743 magnam
808 689 996 729 futuram
1025 702 1209 729 nossem.
1274 689 1346 743 qui
1384 703 1487 729 vero
1518 689 1563 729 10
1595 688 1648 729 G.
1678 688 1735 728 H.

260 763 524 805 Bernsteinii
548 768 692 817 partes
719 761 905 802 voluerit
928 760 1160 801 succedere
1189 760 1280 815 (qui
1302 761 1393 815 ipse
1416 775 1545 815 quum
1567 759 1737 801 codices

260 838 491 877 nitrienses
522 848 754 889 numquam
776 832 978 883 vidisset,
1015 848 1099 874 non
1138 839 1307 888 poterat
1346 847 1452 888 opus
1488 832 1616 873 edere
1654 833 1739 873 nisi

261 908 552 963 inchoatum),
584 921 753 958 carere,
788 911 836 945 ut
863 904 943 945 hoc
971 919 1188 957 moneam,
1227 905 1394 946 duobus
1425 905 1632 960 imprimis
1671 920 1737 946 00-

262 980 429 1022 dicibus
458 978 801 1020 londiniensibus
834 992 918 1018 non
943 978 1121 1033 poterit,
1163 977 1277 1018 Add.
1311 983 1442 1022 14661
1484 977 1608 1032 (folia
1639 984 1739 1018 sunt

264 1054 356 1105 73),
387 1067 470 1108 quo
495 1052 737 1093 continetur
760 1050 917 1091 Galeni
946 1065 1050 1105 opus
1073 1050 1187 1105 quod
1212 1051 1264 1091 de
1287 1050 1610 1091 medicamentis
1642 1051 1739 1090 5101-

261 1126 445 1181 plicibus
478 1124 634 1177 edidit,
667 1138 692 1164 a
714 1123 864 1177 Sergio
893 1122 1107 1163 archiatro
1129 1137 1302 1164 versum
1323 1148 1377 1152 -—
1399 1129 1440 1164 01
1460 1122 1574 1163 Add.
1604 1128 1739 1167 17208

261 1200 288 1239 i.
336 1214 371 1239 e.
419 1197 597 1238 Antonii
643 1195 826 1237 rhetoris
876 1196 1122 1250 (Asseman.
1167 1195 1282 1237 Bibl.
1322 1195 1396 1236 Or.
1442 1195 1488 1236 II
1533 1210 1574 1250 p.
1622 1196 1739 1248 345).

262 1277 417 1326 ll-0322053?
449 1275 538 1324 μὴ.
553 1277 611 1309 §a
643 1273 745 1315 13:01»
808 1267 931 1323 (folia
980 1268 1074 1322 41):
1120 1268 1164 1308 in
1224 1267 1418 1322 catalogo
1451 1256 1740 1308 vlondiniensi

262 1357 416 1384 00111011
440 1342 618 1382 Antonii
648 1355 733 1381 non
765 1340 1002 1380 indicatur:
1031 1339 1105 1381 hos
1130 1339 1302 1381 codices
1330 1340 1526 1395 (alterius
1552 1339 1740 1396 aliquam

262 1422 426 1472 partem
465 1413 693 1468 descripsi)
733 1412 802 1453 edi
839 1418 1027 1468 oportet:
1068 1413 1313 1453 versionem
1351 1420 1392 1453 et
1440 1413 1741 1453 annotationes

263 1504 347 1530 000
376 1488 594 1544 poscimus
632 1499 771 1541 neque
812 1499 880 1525 ars
916 1485 1118 1537 Antonii,
1161 1485 1421 1526 carminibus
1460 1484 1515 1525 ad
1548 1484 1741 1525 Arabum

263 1561 435 1602 modum
464 1558 637 1613 scriptis
667 1563 709 1598 et
744 1557 970 1599 vocabulis
994 1557 1228 1598 rarissimis
1259 1555 1487 1598 abundans
1526 1558 1640 1599 verti
1670 1572 1741 1612 po-

262 1636 362 1675 terit
392 1633 475 1673 nisi
515 1630 569 1671 ab
604 1630 776 1671 homine
807 1631 981 1684 linguae
1020 1630 1216 1686 syriacae
1258 1630 1363 1670 satis
1399 1631 1550 1685 perito.
1611 1643 1741 1685 quare

263 1712 414 1748 caveat
460 1704 705 1759 quicunque
755 1716 860 1757 opus
906 1702 1159 1758 susceperit.
1238 1701 1440 1743 tenellam
1485 1718 1587 1744 vero
1632 1702 1741 1743 hanc

264 1778 523 1835 philologiae
559 1776 753 1831 syriacae
793 1774 1026 1815 aetatulam
1053 1788 1228 1829 prorsus
1259 1775 1458 1829 ignorare
1490 1775 1596 1815 mihi
1636 1790 1742 1816 sem-

265 1867 339 1908 per
374 1852 404 1892 ii
442 1849 527 1891 visi
569 1852 687 1899 sunt,
734 1848 808 1902 qui
860 1846 992 1888 libros
1029 1849 1221 1902 syriacos
1267 1848 1327 1888 ita
1366 1848 1435 1888 edi
1483 1848 1654 1900 volunt,
1698 1854 1745 1888 ut

265 1938 443 1979 graccos
475 1928 515 1963 et
545 1925 701 1965 latinos
734 1920 963 1974 scriptores
996 1927 1091 1974 post
1120 1920 1247 1960 trium
1280 1919 1549 1961 saeculorum
1580 1921 1745 1975 patien-

265 1997 452 2038 tissimos
481 1996 651 2037 labores
689 1995 758 2036 edi
797 1994 865 2034 fas
904 1997 991 2044 est,
1037 1997 1079 2032 et
1118 1991 1369 2032 emendatos
1408 1998 1449 2032 et
1490 1992 1744 2047 explicatos.

265 2077 330 2111 est
368 2070 481 2110 enim
518 2068 780 2125 philologiae
821 2065 1016 2121 syriacae
1062 2078 1174 2104 nunc
1217 2064 1435 2105 saeculum
1471 2064 1665 2105 aldinum
1706 2071 1748 2105 et

264 2143 491 2183 iuntinum.

380 2215 520 2266 Quum
553 2213 711 2255 librum
738 2226 880 2253 meum
910 2211 1025 2266 typis
1054 2211 1317 2264 exscriptum
1339 2224 1454 2250 nunc
1484 2224 1581 2251 cum
1603 2211 1749 2253 arche-

265 2295 369 2344 typo
409 2287 675 2339 conferrem,
722 2286 845 2326 initio
877 2283 1038 2324 codicis
1066 2282 1218 2323 folium
1245 2297 1378 2323 unum
1406 2297 1541 2338 paene
1579 2284 1749 2325 fuscum

266 2360 459 2401 additum
497 2360 646 2400 inveni
686 2360 827 2407 iussu,
865 2357 908 2397 ni
947 2355 1095 2408 fallor,
1131 2355 1170 2396 J.
1212 2355 1259 2395 P.
1297 2354 1348 2395 N.
1389 2355 1543 2396 Landii
1581 2356 1749 2406 Batavi,

267 2433 340 2489 qui
380 2432 481 2472 mihi
530 2447 643 2472 anno
694 2435 801 2475 1858
853 2429 1046 2470 narravit
1093 2443 1138 2468 se
1186 2429 1230 2467 in
1269 2427 1417 2468 codice
1455 2428 1568 2469 Add.
1613 2435 1748 2473 17213

267 2506 484 2546 invenisse
537 2504 687 2545 folium
736 2517 889 2555 unum,
945 2500 1058 2556 quod
1110 2500 1165 2541 ad
1217 2502 1455 2555 geoponica
1501 2501 1749 2555 pertineret.

268 2578 481 2618 habentur
519 2578 581 2619 ibi
620 2578 804 2632 primum
858 2575 1047 2629 capitum
1085 2572 1201 2613 tituli
1239 2586 1264 2612 a
1303 2587 1369 2613 me
1404 2588 1479 2628 pro
1510 2588 1627 2614 more
1665 2589 1750 2615 non

268 2651 394 2703 editi,
421 2665 551 2706 quum
574 2648 756 2704 singulis
781 2647 996 2703 capitibus
1029 2645 1188 2699 singuli
1218 2646 1567 2701 praemittantur,
1595 2647 1750 2687 deinde

270 2738 340 2775 ca,
373 2738 482 2779 quac
513 2722 593 2763 1100
620 2722 711 2763 1000
739 2721 871 2773 addo,
905 2733 1033 2775 quum
1060 2717 1169 2758 libro
1198 2717 1338 2771 finito,
1371 2733 1447 2760 suo
1470 2719 1562 2760 loco
1591 2718 1750 2759 addere

270 2810 491 2851 nequeam.
561 2809 716 2849 graece
754 2793 958 2847 leguntur
1009 2793 1035 2843 β
1075 2796 1098 2834 9
1148 2795 1189 2830 01
1232 2797 1282 2835 10
1323 2798 1364 2832 01
1404 2797 1503 2833 ante
1547 2792 1750 2847 paginam

269 2884 408 2909 11100111
440 2867 672 2908 secundam
704 2865 933 2906 inserenda
965 2870 1074 2904 sunt.
